<record><leader>00000cas a22000007a 4500</leader><controlfield tag="001">13294800</controlfield><controlfield tag="008">860314d19131941wiuwr ne      0    0eng d</controlfield><datafield ind1=" " ind2=" " tag="010"><subfield code="a">sn 86086373 </subfield></datafield><datafield ind1=" " ind2=" " tag="040"><subfield code="a">NPV</subfield><subfield code="b">eng</subfield><subfield code="c">NPV</subfield><subfield code="d">OCLCQ</subfield></datafield><datafield ind1=" " ind2=" " tag="042"><subfield code="a">msc</subfield></datafield><datafield ind1="0" ind2="0" tag="245"><subfield code="a">Turtle Lake times.</subfield></datafield><datafield ind1=" " ind2=" " tag="260"><subfield code="a">Turtle Lake, Barron County, Wis. :</subfield><subfield code="b">A.G. Huhn,</subfield><subfield code="c">1913-1941.</subfield></datafield><datafield ind1=" " ind2=" " tag="300"><subfield code="a">18 v. :</subfield><subfield code="b">ill.</subfield></datafield><datafield ind1=" " ind2=" " tag="310"><subfield code="a">Weekly</subfield></datafield><datafield ind1="0" ind2=" " tag="362"><subfield code="a">Vol. 14, no. 42 (Oct. 16, 1913)-v. 27, no. 26 (July 3, 1941).</subfield></datafield><datafield ind1=" " ind2=" " tag="500"><subfield code="a">Publisher varies.</subfield></datafield><datafield ind1=" " ind2=" " tag="515"><subfield code="a">Begins new volume designation: &lt;Vol. 3, no. 4 (Jan. 27, 1916)&gt;.</subfield></datafield><datafield ind1=" " ind2=" " tag="752"><subfield code="a">United States</subfield><subfield code="b">Wisconsin</subfield><subfield code="c">Barron</subfield><subfield code="d">Turtle Lake.</subfield></datafield><datafield ind1="0" ind2="0" tag="780"><subfield code="t">Bugle (Turtle Lake, Wis.)</subfield><subfield code="w">(DLC)sn 86086372</subfield></datafield><datafield ind1="0" ind2="7" tag="785"><subfield code="t">Almena broadcaster</subfield><subfield code="w">(DLC)sn 84024898</subfield></datafield><datafield ind1="0" ind2="7" tag="785"><subfield code="t">Times-broadcaster</subfield><subfield code="w">(DLC)sn 86086374</subfield></datafield></record>